<?xml version="1.0" encoding="UTF-8"?><collection xmlns="http://www.loc.gov/MARC21/slim"><record><leader>00406nam--2200133-i-4500</leader><controlfield tag="001">000041336</controlfield><controlfield tag="002">20161230</controlfield><controlfield tag="005">20161230201043</controlfield><controlfield tag="008">060222s1000------------r-----000-0-eng-d</controlfield><datafield ind1=" " ind2=" " tag="080"><subfield code="a">616-73.75:621.039.8(061.3)</subfield></datafield><datafield ind1=" " ind2=" " tag="100"><subfield code="a">Shah,D.H</subfield></datafield><datafield ind1=" " ind2=" " tag="245"><subfield code="a">Thysroid cancer:role of radionuclide in diagnosis, management and treatment</subfield></datafield><datafield ind1=" " ind2=" " tag="260"><subfield code="a">Bombay, Radiation Medicine Centre, Barc, 1986. Xii + 236 P</subfield></datafield><datafield ind1=" " ind2=" " tag="852"><subfield code="a">73943</subfield></datafield></record></collection>